<?xml version="1.0" encoding="UTF-8"?><collection xmlns="http://www.loc.gov/MARC21/slim"><record><leader>00450nam--2200157-i-4500</leader><controlfield tag="001">000015401</controlfield><controlfield tag="002">20161230</controlfield><controlfield tag="005">20161230201031</controlfield><controlfield tag="008">060222s1000------------r-----000-0-eng-d</controlfield><datafield ind1=" " ind2=" " tag="100"><subfield code="a">Colton, David And Kress, Rainer</subfield></datafield><datafield ind1=" " ind2=" " tag="245"><subfield code="a">Integral equation methods in scattering theory</subfield></datafield><datafield ind1=" " ind2=" " tag="260"><subfield code="a">New York, John Wiley And Sons, 1983</subfield></datafield><datafield ind1=" " ind2=" " tag="300"><subfield code="a">XII+271 P</subfield></datafield><datafield ind1=" " ind2=" " tag="490"><subfield code="a">Pure And Applied Mathematics</subfield></datafield><datafield ind1=" " ind2=" " tag="852"><subfield code="a">517.2</subfield><subfield code="c">72560</subfield></datafield><datafield ind1=" " ind2=" " tag="CAT"><subfield code="a">Sys</subfield><subfield code="c">20080526</subfield><subfield code="h">120024</subfield></datafield></record></collection>